
% This is the first ION paper that describes the GPSTk to the GNSS community. 
% It should be used as the preferred first reference when describing the project.
@inproceedings{ ion:gnss04,
  author = 	 {R. Benjamin Harris and Brian Tolman and Tom Gaussiran and David Munton and Jon Little and Richard Mach and Scot Nelsen and Brent Renfro},
  title = 	 {{T}he {GPS} {T}oolkit: {O}pen {S}ource {GPS} {S}oftware},
  booktitle = 	 {Proceedings of the 16th International Technical Meeting of the Satellite Division of the Institute of Navigation},
  address = 	 {Long Beach, California},
  month = 	 {September},
  year = 	 {2004}
}

@inproceedings{ ion:gnss05,
  author = 	 {Brent Renfro and R. Benjamin Harris and Brian W. Tolman and Thomas Gaussiran and David Munton and Jon Little and Richard Mach and Scot Nelsen},
  title = 	 {{The Open Source GPS Toolkit: A Review of the First Year}},
  booktitle = 	 {Proceedings of the 17th International Technical Meeting of the Satellite Division of the Institute of Navigation},
  address = 	 {Long Beach, California},
  month = 	 {September},
  year = 	 {2005}
}



@inproceedings{ ion:gnss06,
  author = 	 {R. Benjamin Harris and Timothy Craddock and Tracie Conn and Thomas Gaussiran and       Eric Hagen and Anthony Hughes and Jon Little and Richard Mach and Scot Nelsen and Brent Renfro and Brian Tolman},
  title = 	 {{Open Signals, Open Software:Two Years of Collaborative Analysis using the GPS Toolkit }},
  booktitle = 	 {Proceedings of the 18th International Technical Meeting of the Satellite Division of the Institute of Navigation},
  address = 	 {Fort Worth, Texas},
  month = 	 {September},
  year = 	 {2006}
}

@Article{gpssolutions2007,
author = {R. Benjamin Harris and Richard G. Mach},
title = {{GPSTk--An Open Source GPSTk Toolkit}},
journal = {GPS Solutions},
year = {2007},
volume = {11},
month = {March}
}

% This paper announced the GPSTk to the Linux community.
@Article{ lj04,
  author = 	 {Brian Tolman and R. Benjamin Harris},
  title = 	 {{T}he {GPS} {T}oolkit},
  journal = 	 {Linux Journal},
  year = 	 {2004},
  pages = 	 {72-76},
  month = 	 {September}
}


% This is a general reference to the GPSTk website. Note that SourceForge is not referenced here
% in case we move where we host the proejct.
@misc{gpstkwebsite,
  title = 	 {{GPSTk} website},
  howpublished = {http://www.gpstk.org/}
}

% This was presented to the ionpshere community at the BEACON conference in 04.
@inproceedings{ beacon04,
  author = 	 {Tom Gaussiran and Brian Tolman and Ben Harris},
  title = 	 {{An Open Source Toolkit for GPS Processing, Total Electron Content Effects, Measurements and Modeling}},
  booktitle = 	 {Proceedings of the International Beacon Satellite Symposium},
  address = 	 {Trieste, Italy},
  month = 	 {October},
  year = 	 {2004}
}

@ARTICLE{2004AGUFM.G53A0123M,
   author = {{Munton}, D.~C. and {Tolman}, B.~W. and {Harris}, R.~B. and 
	{Kerkhoff}, A.~J. and {Gaussiran}, T.~L. and {Bust}, G.~S. and 
	{Nelsen}, S.~L.},
    title = "{GPSTk: An Open Source Toolkit for Working With GPS Data}",
  journal = {AGU Fall Meeting Abstracts},
     year = 2004,
    month = dec,
    pages = {A123+},
   adsurl = {http://adsabs.harvard.edu/cgi-bin/nph-bib_query?bibcode=2004AGUFM.G53A0123M&db_key=PHY},
  adsnote = {Provided by the Smithsonian/NASA Astrophysics Data System}
}

@misc{sourceforge,
  title = 	 {{SourceForge} website},
  howpublished = {http://sourceforge.net/}
}

@manual{rinex1format,
	title = "The RINEX Format: Current Status, Future Developments",
        author = {Werner G\"{u}rtner and Gerald M. Mader},
	address = "http://navcenter.org/ftp/GPS/REPORTS/rinex.txt",
        year = 1990
}

@manual{rinex2format,
	title = "RINEX: The Reciever Independant Exchange Format Version 2.10",
        author = {Werner G\"{u}rtner},
	address = "http://www.ngs.noaa.gov/CORS/Rinex2.html",
        year = 1993
}


@manual{rinex211format,
	title = "RINEX: The Reciever Independant Exchange Format Version 2.11",
        author = {Werner G\"{u}rtner and Lou Estey},
	address = "ftp://igscb.jpl.nasa.gov/igscb/data/format/rinex211.txt",
        year = 2006
}

@manual{rinex300format,
	title = "RINEX: The Reciever Independant Exchange Format Version 3.00",
        author = {Werner G\"{u}rtner and Lou Estey},
	address = "\small{ftp://igscb.jpl.nasa.gov/igscb/data/format/rinex300.pdf}",
        year = 2006
}

@manual{binexformat,
	title = "BINEX: Binary Exchange Format",
	address = "http://binex.unavco.org/"
}

@manual{yumaformat,
        title="Definition of a Yuma Almanac",
        address = "http://www.navcen.uscg.gov/gps/gpsyuma.htm"
}

@manual{semformat,
        title="Definition of a SEM Almanac",
        address = "http://www.navcen.uscg.gov/gps/gpssem.htm"
}

% This is the first public paper describing FIC that I can find
% references to. 
@inproceedings{ ficproposal,
  author = 	 {V.D. Scott and J. Clynch},
  title = 	 {{A Proposed Standardized Exchange Format for
Navstar GPS Geodetic Data}},
  booktitle = 	 {Proceedings of the Fourth International
Geodetic Symposium on Satellite Systems},
  address = 	 {Austin, Texas},
  year = 	 {1986}
}

@manual{gpsd,
	title = "gpsd - a GPS service daemon",
	address = "http://gpsd.berlios.de/"
}

@manual{doxygen,
	title = "The Doxygen Project",
	address = "http://www.stack.nl/~dimitri/doxygen"
}

@manual{gcov,
	title = {Introduction to GCOV},
	address = "http://gcc.gnu.org/onlinedocs/gcc/Gcov-Intro.html"
}

@manual{ncurses,
	title = {Announcing ncurses 5.5},
	address = "http://www.gnu.org/software/ncurses/ncurses.html"
}

@manual{matlabsite,
	title = {The Mathworks--MATLAB\textregistered--the Language of Technical Computing},
	address = "http://www.mathworks.com/products/matlab/"
}

@manual{cppunit,
	title = {The CPPUnit Wiki},
	address = "http://cppunit.sourceforge.net/cppunit-wiki"
}

@manual{perl,
	title = {The Perl Directory at perl.org},
	address = "http://www.perl.org/"
}

@book{iso-14882-2003,
	citeulike-article-id = {500707},
	keywords = {iso programming},
	priority = {2},
	title = {ISO/IEC 14882:2003: Programming languages: C++},
	year = {2003}
}

@book{python,
title = {{Python Reference Manual}},
editor = {G. van Rossum and F. L. Drake},
organization = {PythonLabs},
address = {Virginia, USA},
year = {2001},
note = {Available at http://www.python.org/.}
}

@article{matplotlib,
author = {John D. Hunter},
title = {{Matplotlib: A 2D Graphics Environment}},
journal = {{Computing in Science and Engineering}},
volume = {9},
number = {3},
year = {2007},
issn = {1521-9615},
pages = {90-95},
doi = {http://doi.ieeecomputersociety.org/10.1109/MCSE.2007.55},
publisher = {IEEE Computer Society},
address = {Los Alamitos, CA, USA},
}

@manual{twiki,
	title = {TWiki(tm) - an Enterprise Collaboration Platform},
	address = "http://www.twiki.org/"
}



@manual{ sharc,
	title = "The Sharc Project",
	address = "http://sharc.sourceforce.net"
}

@manual{ subversion,
	title = "The Subversion Project Home",
	address = "http://subversion.tigris.org/"
}


@manual{gpstkguide,
  title = {The GPS Toolkit: A User's Guide for Scientists, Engineers and Students},
  author = "Tracie Conn and Tom Gaussiran and R. Benjamin Harris and Jon Little and Richard Mach and David Munton and Brent Renfro and Brian Tolman and Martin Vermeer",
  address = {"http://www.gpstk.org/guide"},
}

@book{ subversionbook,
	title = "Version Control with Subversion",
	author = "Ben Collins-Sussman and Brian W. Fitzpatrick and C. Michael Pilato",
	publisher = "O'Reilly",
	address = "Sebastopol, CA",
	year = "2004"
}
 
@booklet{ ashtechpatents,
	title = "Patents 5293170, 5134407, 4928106",
	author = "Ashtech Telesis",
	howpublished = "United States Patent and Trademark Office",
	address = "http://www.uspto.gov",
}

@manual{ ashtechXII,
	title = "Ashtech XII GPS Receiver Operating Manual"
}

@manual{ zreceivers,
	title = "Z-Family GPS Receivers Technical Reference Manual",
	author = "Thales Navigation",
	year = "2002"
}

@manual{ gpstk,
	title = "The GPS Toolkit, GPSTk",
	address = "http://www.gpstk.org"
}

@book{ bate:fa,
	title = "Fundamentals of Astrodynamics",
	author = "Roger Bate and Donald Mueller and Jerry White",
	publisher = "Dover",
	address = "New York, NY",
	year = "1971"
}

@book{ roy:om,
	title = "Orbital Motion",
	author = "A. E. Roy",
	edition = "2nd",
	publisher = "Adam Hilger Ltd.",
	address = "Bristol, Great Britain",
	year = "1982"
}

@book{ battin:imma,
	title = "An Introduction to the Mathematics and Methods of Astrodynamics",
	author = "Richard H. Battin",
	edition = "Revised",
	publisher = "AIAA Press",
	address = "Reston, Virginia",
	year = "1999"
}

@book{ hlc:gtp,
	title = "GPS: Theory and Practice",
	author = "B. Hofmann-Wellenhof and H. Lichtenegger and J. Collins",
	edition = "5th",
	publisher = "Springer-Verlag Wien",
	address = "New York, NY",
	year = "2001"
}

@book{ me:gsmp,
	title = "Global Positioning Sytem: Signals, Measurements and Performance",
	author = "Pratap Misra and Per Enge",
	publisher = "Ganga-Jamuna Press",
	address = "Lincoln, Massachusetts",
	year = "2004"
}


@manual{ isgps,
	title = "NAVSTAR Global Positioning System Interface Specification (IS-GPS-200), Revision D",
}

@TechReport{mopsstandard,
title = {{Minimum Operational Performance Standards (MOPS), version C}},
institution = {Radio Technical Commission for Aeronautics},
note = {RTCA/DO-229C}
}


@book{ ps:gta,
	title = "Global Positioning Theory: Theory and Applications",
	editor = "Bradford W. Parkinson and James J. Spilker Jr.",
	volume = "1",
	publisher = "AIAA Press",
	address = "Reston, Virginia",
	year = "1996"
}

@book{ bs:lagg,
	title = "Linear Algebra, Geodesy and GPS",
	author = "Kai Borre and Strang Gilbert",
	publisher = "Wellesley-Cambridge Press",
	year = "1997"
}

@InProceedings{ gg:mtm,
	author = "C. C. Goad and L. Goodman",
	title = "A modified tropospheric refraction correction model",
	year = "1974",
	address = "San Francisco, California",
	month = "Fall",
	organization = "Annual American Geophysical Union"
}

@TechReport{ iers,
	author = "Dennis D. McCarthy and G{\'{e}}rard Petit",
	title = "{IERS} {C}onventions",
	institution = "International Earth Rotation and Reference Systems Service",
	year = "2003",
	number = "32",
}


@book{umlstandard,
  title = 	 {Unified Modeling Language Specification Version 2.0},
  publisher = 	 {Object Management Group},
  year = 	 {2005},
  address = 	 {http://www.omg.org/},
  month = 	 {August},
}

@book{ tsui:fgpsr,
	author = "James Bao-Yen Tsui",
	title = "Fundamentals of Global Positioning System Receivers: A Software Approach",
	publisher = "John Wiley \& Sons",
	address = "New York",
	year = "2000"
}

@book{ kaplan:ugpspa,
	editor = "Elliot D. Kaplan",
	title = "Understanding GPS: Principles and Applications",
	publisher = "Artech House Publishers",
	address = "685 Canton Street, Norwood, MA",
	year = "1996"
}

@book{ seeber:sg,
	author = "G{\"{u}}nter Seeber",
	title = "Satellite Geodesy",
	publisher = "Walter de Gruyter",
	address = "Berlin",
	year = "1993"
}

% {(Ref: McCarthy, Dennis D.,  IERS Technical Note 21, "IERS Conventions (1996)," U.S. Naval Observatory, 1996, esp. Chapter 5.)

@inproceedings{ ion:gstss06,
  author = 	 {J. Clark Hughes and Joel A. Banks and Aaron J. Kerkhoff and Dr. Brian W. Tolman and Jon R. Wyant and Rex Ellison},
  title = 	 {{Sub-millimeter Precision GPS Survey System at the Holloman High Speed Test Track}},
  booktitle = 	 {Proceedings of the 18th International Technical Meeting of the Satellite Division of the Institute of Navigation},
  address = 	 {Fort Worth, Texas},
  month = 	 {September},
  year = 	 {2006}
}

@book{ iersconventions,
	author = "Dennis D. McCarthy",
	title = " IERS Technical Note 21, IERS Conventions",
	address = "U.S. Naval Observatory",
	year = "1996"
}

@book{ biermann, 
  author = {G. J. Biermann},
  title  =  {Factorization Methods for Discrete Sequential Estimation},
  publisher = {Academic Press },
  year = {1977}
} 


@manual{ borlandfreecompiler,
	title = "Borland C++ Compiler version 5.5",
	address = "http://www.borland.com/bcppbuilder/freecompiler/"
}

@manual{ microsoftfreecompiler,
	title = "Microsoft Visual C++ 2005 Express",
	address = "http://lab.msdn.microsoft.com/express/visualc/"
}

@manual{ openmoko,
	title = "OpenMoko mobile phone development site",
	address = "http://www.openmoko.com/"
}

@manual{ openmokowiki,
	title = "OpenMoko wiki",
	address = "http://wiki.openmoko.org/wiki/Main\_Page"
}

@manual{ summerofcodemainsite,
	title = "Google Summer of Code 2007",
	address = "http://code.google.com/soc/2007/"
}

@manual{ summerofcodeopenmokogpstk,
         title = "Open Moko's Summer of Code project list",
	address = "http://wiki.openmoko.org/wiki/Summer\_of\_code"
}

@manual{ sloccount,
         title = "Counting Source Lines of Code (SLOC)",
	address = "http://www.dwheeler.com/sloc/"
}

@book{cocomomodel,
	author = {Boehm, Barry  W. },
	citeulike-article-id = {341464},
	howpublished = {Paperback},
	isbn = {0138221227},
	month = {October},
	publisher = {{Prentice Hall PTR}},
	title = {Software Engineering Economics (Prentice-Hall Advances in Computing Science \& Technology Series)},
	year = {1981}
}


@TechReport{isgps200,
author = {ARINC Engineering Services, LLC},
title = {{Interface Specification IS-GPS-200, IRN-200D-001}},
institution = {GPS Joint Program Office},
year = {2006},
number = {Revision D},
address = {El Segundo, California},
month = {March}
}
