\% This is the first ION paper that describes the GPSTk to the GNSS community. 
\% It should be used as the preferred first reference when describing the project.

@InProceedings{ ion:gnss04,
	author = "R. Benjamin Harris and Brian Tolman and Tom Gaussiran and David Munton and Jon Little and Richard Mach and Scot Nelsen and Brent Renfro",
	title = "{T}he {GPS} {T}oolkit: {O}pen {S}ource {GPS} {S}oftware",
	booktitle = "Proceedings of the 16th International Technical Meeting of the Satellite Division of the Institute of Navigation",
	address = "Long Beach, California",
	month = "September",
	year = "2004"
}

\% This paper announced the GPSTk to the Linux community.

@Article{ lj04,
	author = "Brian Tolman and R. Benjamin Harris",
	title = "{T}he {GPS} {T}oolkit",
	journal = "Linux Journal",
	year = "2004",
	pages = "72--76",
	month = "September"
}

\% This is a general reference to the GPSTk website. Note that SourceForge is not referenced here
\% in case we move where we host the proejct.

@Misc{ gpstkwebsite,
	title = "{GPSTk} website",
	howpublished = "http://www.gpstk.org/"
}

\% This was presented to the ionpshere community at the BEACON conference in 04.

@InProceedings{ beacon04,
	author = "Tom Gaussiran and Brian Tolman and Ben Harris",
	title = "{An Open Source Toolkit for GPS Processing, Total Electron Content Effects, Measurements and Modeling}",
	booktitle = "Proceedings of the International Beacon Satellite Symposium",
	address = "Trieste, Italy",
	month = "October",
	year = "2004"
}

@Article{ 2004AGUFM.G53A0123M,
	author = "D.~C. {Munton} and B.~W. {Tolman} and R.~B. {Harris} and A.~J. {Kerkhoff} and T.~L. {Gaussiran} and G.~S. {Bust} and S.~L. {Nelsen}",
	title = "{GPSTk: An Open Source Toolkit for Working With GPS Data}",
	journal = "AGU Fall Meeting Abstracts",
	year = 2004,
	month = dec,
	pages = "A123+",
	adsurl = "http://adsabs.harvard.edu/cgi-bin/nph-bib\\\_query?bibcode=2004AGUFM.G53A0123M\&db\\\_key=PHY",
	adsnote = "Provided by the Smithsonian/NASA Astrophysics Data System"
}

@Misc{ sourceforge,
	title = "{SourceForge} website",
	howpublished = "http://sourceforge.net/"
}

@Manual{ rinex1format,
	title = "The RINEX Format: Current Status, Future Developments",
	author = {Werner G{\"u}rtner and Gerald M. Mader},
	address = "http://navcenter.org/ftp/GPS/REPORTS/rinex.txt",
	year = 1990
}

@Manual{ rinex2format,
	title = "RINEX: The Reciever Independant Exchange Format Version 2.10",
	author = {Werner G{\"u}rtner},
	address = "http://www.ngs.noaa.gov/CORS/Rinex2.html",
	year = 1993
}

@Manual{ rinex211format,
	title = "RINEX: The Reciever Independant Exchange Format Version 2.11",
	author = {Werner G{\"u}rtner and Lou Estey},
	address = "ftp://igscb.jpl.nasa.gov/igscb/data/format/rinex211.txt",
	year = 2006
}

@Manual{ rinex300format,
	title = "RINEX: The Reciever Independant Exchange Format Version 3.00",
	author = {Werner G{\"u}rtner and Lou Estey},
	address = "\small{ftp://igscb.jpl.nasa.gov/igscb/data/format/rinex300.pdf}",
	year = 2006
}

@Manual{ binexformat,
	title = "BINEX: Binary Exchange Format",
	address = "http://binex.unavco.org/"
}

\% This is the first public paper describing FIC that I can find
\% references to. 

@InProceedings{ ficproposal,
	author = "V.D. Scott and J. Clynch",
	title = "{A Proposed Standardized Exchange Format for Navstar GPS Geodetic Data}",
	booktitle = "Proceedings of the Fourth International Geodetic Symposium on Satellite Systems",
	address = "Austin, Texas",
	month = "April",
	year = "1986"
}

@Manual{ doxygen,
	title = "The Doxygen Project",
	address = "http://www.stack.nl/~dimitri/doxygen"
}

@Manual{ gcov,
	title = "Introduction to GCOV",
	address = "http://gcc.gnu.org/onlinedocs/gcc/Gcov-Intro.html"
}

@Manual{ ncurses,
	title = "Announcing ncurses 5.5",
	address = "http://www.gnu.org/software/ncurses/ncurses.html"
}

@Manual{ matlabsite,
	title = "The Mathworks--MATLAB\textregistered--the Language of Technical Computing",
	address = "http://www.mathworks.com/products/matlab/"
}

@Manual{ cppunit,
	title = "The CPPUnit Wiki",
	address = "http://cppunit.sourceforge.net/cppunit-wiki"
}

@Manual{ perl,
	title = "The Perl Directory at perl.org",
	address = "http://www.perl.org/"
}

@Manual{ twiki,
	title = "TWiki(tm) - an Enterprise Collaboration Platform",
	address = "http://www.twiki.org/"
}

@Manual{ sharc,
	title = "The Sharc Project",
	address = "http://sharc.sourceforce.net"
}

@Manual{ subversion,
	title = "The Subversion Project Home",
	address = "http://subversion.tigris.org/"
}

@Manual{ gpstkguide,
	title = "The GPS Toolkit: A User's Guide for Scientists, Engineers and Students",
	author = "Tracie Conn and Tom Gaussiran and R. Benjamin Harris and Jon Little and Richard Mach and David Munton and Brent Renfro and Brian Tolman and Martin Vermeer",
	address = {"http://www.gpstk.org/guide"}
}

@Book{ subversionbook,
	title = "Version Control with Subversion",
	author = "Ben Collins-Sussman and Brian W. Fitzpatrick and C. Michael Pilato",
	publisher = "O'Reilly",
	address = "Sebastopol, CA",
	year = "2004"
}

@Booklet{ ashtechpatents,
	title = "Patents 5293170, 5134407, 4928106",
	author = "Ashtech Telesis",
	howpublished = "United States Patent and Trademark Office",
	address = "http://www.uspto.gov"
}

@Manual{ ashtechXII,
	title = "Ashtech XII GPS Receiver Operating Manual"
}

@Manual{ zreceivers,
	title = "Z-Family GPS Receivers Technical Reference Manual",
	author = "Thales Navigation",
	year = "2002"
}

@Manual{ gpstk,
	title = "The GPS Toolkit, GPSTk",
	address = "http://www.gpstk.org"
}

@Book{ bate:fa,
	title = "Fundamentals of Astrodynamics",
	author = "Roger Bate and Donald Mueller and Jerry White",
	publisher = "Dover",
	address = "New York, NY",
	year = "1971"
}

@Book{ roy:om,
	title = "Orbital Motion",
	author = "A. E. Roy",
	edition = "2nd",
	publisher = "Adam Hilger Ltd.",
	address = "Bristol, Great Britain",
	year = "1982"
}

@Book{ battin:imma,
	title = "An Introduction to the Mathematics and Methods of Astrodynamics",
	author = "Richard H. Battin",
	edition = "Revised",
	publisher = "AIAA Press",
	address = "Reston, Virginia",
	year = "1999"
}

@Book{ hlc:gtp,
	title = "GPS: Theory and Practice",
	author = "B. Hofmann-Wellenhof and H. Lichtenegger and J. Collins",
	edition = "5th",
	publisher = "Springer-Verlag Wien",
	address = "New York, NY",
	year = "2001"
}

@Book{ me:gsmp,
	title = "Global Positioning Sytem: Signals, Measurements and Performance",
	author = "Pratap Misra and Per Enge",
	publisher = "Ganga-Jamuna Press",
	address = "Lincoln, Massachusetts",
	year = "2004"
}

@Manual{ isgps,
	title = "NAVSTAR Global Positioning System Interface Specification (IS-GPS-200), Revision D"
}

@Book{ ps:gta,
	title = "Global Positioning Theory: Theory and Applications",
	editor = "Bradford W. Parkinson and James J. Spilker Jr.",
	volume = "1",
	publisher = "AIAA Press",
	address = "Reston, Virginia",
	year = "1996"
}

@Book{ bs:lagg,
	title = "Linear Algebra, Geodesy and GPS",
	author = "Kai Borre and Strang Gilbert",
	publisher = "Wellesley-Cambridge Press",
	year = "1997"
}

@InProceedings{ gg:mtm,
	author = "C. C. Goad and L. Goodman",
	title = "A modified tropospheric refraction correction model",
	year = "1974",
	address = "San Francisco, California",
	month = "Fall",
	organization = "Annual American Geophysical Union"
}

@TechReport{ iers,
	author = "Dennis D. McCarthy and G{\'e}rard Petit",
	title = "{IERS} {C}onventions",
	institution = "International Earth Rotation and Reference Systems Service",
	year = "2003",
	number = "32"
}

@Book{ umlstandard,
	title = "Unified Modeling Language Specification Version 2.0",
	publisher = "Object Management Group",
	year = "2005",
	address = "http://www.omg.org/",
	month = "August"
}

@Book{ tsui:fgpsr,
	author = "James Bao-Yen Tsui",
	title = "Fundamentals of Global Positioning System Receivers: A Software Approach",
	publisher = "John Wiley \& Sons",
	address = "New York",
	year = "2000"
}

@Book{ kaplan:ugpspa,
	editor = "Elliot D. Kaplan",
	title = "Understanding GPS: Principles and Applications",
	publisher = "Artech House Publishers",
	address = "685 Canton Street, Norwood, MA",
	year = "1996"
}

@Book{ seeber:sg,
	author = {G{\"u}nter Seeber},
	title = "Satellite Geodesy",
	publisher = "Walter de Gruyter",
	address = "Berlin",
	year = "1993"
}

\% {(Ref: McCarthy, Dennis D.,  IERS Technical Note 21, "IERS Conventions (1996)," U.S. Naval Observatory, 1996, esp. Chapter 5.)

@InProceedings{ ion:gstss06,
	author = "J. Clark Hughes and Joel A. Banks and Aaron J. Kerkhoff and Dr. Brian W. Tolman and Jon R. Wyant and Rex Ellison",
	title = "{Sub-millimeter Precision GPS Survey System at the Holloman High Speed Test Track}",
	booktitle = "Proceedings of the 18th International Technical Meeting of the Satellite Division of the Institute of Navigation",
	address = "Fort Worth, Texas",
	month = "September",
	year = "2006"
}

@Book{ iersconventions,
	author = "Dennis D. McCarthy",
	title = " IERS Technical Note 21, IERS Conventions",
	address = "U.S. Naval Observatory",
	year = "1996"
}

@Book{ biermann,
	author = "G. J. Biermann",
	title = "Factorization Methods for Discrete Sequential Estimation",
	publisher = "Academic Press ",
	year = "1977"
}

@Manual{ borlandfreecompiler,
	title = "Borland C++ Compiler version 5.5",
	address = "http://www.borland.com/bcppbuilder/freecompiler/"
}

@Manual{ microsoftfreecompiler,
	title = "Microsoft Visual C++ 2005 Express",
	address = "http://lab.msdn.microsoft.com/express/visualc/"
}

@InProceedings{ nga:iongnss06,
	author = "Barbara Wiley and David Craig and Dennis Manning and John Novak and Randall Taylor and Leonard Weingarth",
	title = "{NGA's Role in GPS}",
	booktitle = "Proceedings of the 18th International Technical Meeting of the Satellite Division of the Institute of Navigation",
	year = "2006",
	address = "Fort Worth, Texas",
	month = "September"
}

@Manual{ nga:website,
	title = "{National Geospatial-Intelligence Agency GEOINT Sciences Office, Global Positioning System (GPS) Division}",
	address = "http://earth-info.nga.mil/GandG/sathtml/"
}

@Manual{ argn:website,
	title = "{Australian Regional GPS Network}",
	address = "http://www.ga.gov.au/geodesy/argn/"
}

@Manual{ cddis:website,
	title = "{Crustal Dynamics Data Information System, NASA's Archive of Space Geodesy Data}",
	address = "http://cddis.nasa.gov/"
}

@Article{ igs:reference,
	author = "G. Beutler and M. Rothacher and S. Schaer and T.A. Springer and J. Kouba and R.E. Neilan",
	title = "{The International GPS Service (IGS): An Interdisciplinary Service in Support of Earth Sciences}",
	journal = "{Advances in Space Research}",
	year = "1999",
	volume = "23",
	number = "4",
	pages = "631--635"
}

@Manual{ sp3format:ngs,
	title = "The NGS GPS Orbital Formats"
}

@Manual{ sp3format:igscb,
	title = "The Extended Standard Product 3 Orbit Format (SP3-c)",
	author = "Steve Hilla",
	year = "2006",
	address = "http://igscb.jpl.nasa.gov/igscb/data/format/sp3c.txt"
}

